%%%%%%%%%%%%%
%           %
%   Osaka   %
%           %
%%%%%%%%%%%%%


@article{EIP-7935,
  title        = {EIP-7935: Set default gas limit to 60M},
  subtitle     = {Recommend a new gas limit value for Fusaka and update execution layer client default configs},
  shorthand    = {EIP-7935},
  author       = {Sophia Gold (@sophia-gold), Parithosh Jayanthi (@parithoshj), Toni Wahrstätter (@nerolation), Carl Beekhuizen (@CarlBeek), Ansgar Dietrichs (@adietrichs), Dankrad Feist (@dankrad), Alex Stokes (@ralexstokes), Josh Rudolph (@jrudolph), Giulio Rebuffo (@Giulio2002), Storm Slivkoff (@sslivkoff)},
  year         = {2025-04-22},
  url          = {https://eips.ethereum.org/EIPS/eip-7935},
}

@article{EIP-7910,
  title        = {EIP-7910: eth_config JSON-RPC Method},
  subtitle     = {A JSON-RPC method that describes the configuration of the current and next fork},
  shorthand    = {EIP-7910},
  author       = {Danno Ferrin (@shemnon)},
  year         = {2025-03-18},
  url          = {https://eips.ethereum.org/EIPS/eip-7910},
}

@article{EIP-7642,
  title        = {EIP-7642: eth/69 - history expiry and simpler receipts},
  subtitle     = {Adds history serving window and removes bloom filter in receipt},
  shorthand    = {EIP-7642},
  author       = {Marius van der Wijden (@MariusVanDerWijden), Felix Lange <fjl@ethereum.org>, Ahmad Bitar (@smartprogrammer93) <smartprogrammer@windowslive.com>},
  year         = {2024-02-29},
  url          = {https://eips.ethereum.org/EIPS/eip-7642},
}

@article{EIP-7892,
  title        = {EIP-7892: Blob Parameter Only Hardforks},
  subtitle     = {Defines a mechanism for scaling Ethereum’s blob capacity via specialized hard forks that modify only blob-related parameters.},
  shorthand    = {EIP-7892},
  author       = {Mark Mackey (@ethDreamer), Raúl Kripalani (@raulk)},
  year         = {2025-02-28},
  url          = {https://eips.ethereum.org/EIPS/eip-7892},
}

%%%%%%%%%%%%%%%%%%%%
%%%%%%%%%%%%%%%%%%%%

@article{EIP-7951,
  title        = {EIP-7951: Precompile for secp256r1 Curve Support},
  subtitle     = {Add precompiled contract for secp256r1 ECDSA signature verification with proper security checks},
  shorthand    = {EIP-7951},
  author       = {Carl Beekhuizen (@carlbeek), Ulaş Erdoğan (@ulerdogan), Doğan Alpaslan (@doganalpaslan)},
  year         = {2025-05-27},
  url          = {https://eips.ethereum.org/EIPS/eip-7951},
}

@article{EIP-7939,
  title        = {EIP-7939: Count leading zeros (CLZ) opcode},
  subtitle     = {Opcode to count the number of leading zero bits in a 256-bit word},
  shorthand    = {EIP-7939},
  author       = {Vectorized (@Vectorized), Georgios Konstantopoulos (@gakonst), Jochem Brouwer (@jochem-brouwer), Ben Adams (@benaadams), Giulio Rebuffo (@Giulio2002)},
  year         = {2025-04-28},
  url          = {https://eips.ethereum.org/EIPS/eip-7939},
}

@article{EIP-7934,
  title        = {EIP-7934: RLP Execution Block Size Limit},
  subtitle     = {Introduce a protocol-level cap on the maximum RLP-encoded block size to 10 MiB, including a 2 MiB margin for beacon block size.},
  shorthand    = {EIP-7934},
  author       = {Giulio Rebuffo (@Giulio2002), Ben Adams (@benaadams), Storm Slivkoff (@sslivkoff)},
  year         = {2025-04-16},
  url          = {https://eips.ethereum.org/EIPS/eip-7934},
}

@article{EIP-7918,
  title        = {EIP-7918: Blob base fee bounded by execution cost},
  subtitle     = {Imposes that the price of GAS_PER_BLOB blob gas is greater than the price of BLOB_BASE_COST execution gas.},
  shorthand    = {EIP-7918},
  author       = {Anders Elowsson (@anderselowsson), Ben Adams (@benaadams), Francesco D'Amato (@fradamt)},
  year         = {2025-03-25},
  url          = {https://eips.ethereum.org/EIPS/eip-7918},
}

@article{EIP-7917,
  title        = {EIP-7917: Deterministic proposer lookahead},
  subtitle     = {Pre-calculate and store a deterministic proposer lookahead in the beacon state at the start of every epoch},
  shorthand    = {EIP-7917},
  author       = {Lin Oshitani (@linoscope) <lin@nethermind.io>, Justin Drake (@JustinDrake) <justin@ethereum.org>},
  year         = {2025-03-24},
  url          = {https://eips.ethereum.org/EIPS/eip-7917},
}

@article{EIP-7883,
  title        = {EIP-7883: ModExp Gas Cost Increase},
  subtitle     = {Increases cost of ModExp precompile},
  shorthand    = {EIP-7883},
  author       = {Marcin Sobczak (@marcindsobczak), Marek Moraczyński (@MarekM25), Marcos Maceo (@stdevMac)},
  year         = {2025-02-11},
  url          = {https://eips.ethereum.org/EIPS/eip-7883},
}

@article{EIP-7825,
  title        = {EIP-7825: Transaction Gas Limit Cap},
  subtitle     = {Introduce a protocol-level cap on the maximum gas used by a transaction to {16,777,216} ({2^24}).},
  shorthand    = {EIP-7825},
  author       = {Giulio Rebuffo (@Giulio2002), Toni Wahrstätter (@nerolation)},
  year         = {2024-11-23},
  url          = {https://eips.ethereum.org/EIPS/eip-7825},
}

@article{EIP-7823,
  title        = {EIP-7823: Set upper bounds for MODEXP},
  subtitle     = {Each input field is restricted to a maximum of 8192 bits},
  shorthand    = {EIP-7823},
  author       = {Alex Beregszaszi (@axic), Radoslaw Zagorowicz (@rodiazet)},
  year         = {2024-11-11},
  url          = {https://eips.ethereum.org/EIPS/eip-7823},
}

@article{EIP-7594,
  title        = {EIP-7594: PeerDAS - Peer Data Availability Sampling},
  subtitle     = {Introducing simple DAS utilizing gossip distribution and peer requests},
  shorthand    = {EIP-7594},
  author       = {Danny Ryan (@djrtwo), Dankrad Feist (@dankrad), Francesco D'Amato (@fradamt), Hsiao-Wei Wang (@hwwhww), Alex Stokes (@ralexstokes)},
  year         = {2024-01-12},
  url          = {https://eips.ethereum.org/EIPS/eip-7594},
}


%%%%%%%%%%%%%%
%            %
%   Prague   %
%            %
%%%%%%%%%%%%%%

@article{EIP-2537,
  title        = {EIP-2537: Precompile for BLS12-381 curve operations},
  subtitle     = {Adds operation on BLS12-381 curve as a precompile in a set necessary to efficiently perform operations such as BLS signature verification.},
  shorthand    = {EIP-2537},
  author       = {Alex Vlasov (@shamatar), Kelly Olson (@ineffectualproperty), Alex Stokes (@ralexstokes), Antonio Sanso (@asanso)},
  year         = {2020-02-21},
  url          = {https://eips.ethereum.org/EIPS/eip-2537},
}

@article{EIP-2935,
  title        = {EIP-2935: Serve historical block hashes from state},
  subtitle     = {Store and serve last 8192 block hashes as storage slots of a system contract to allow for stateless execution},
  shorthand    = {EIP-2935},
  author       = {Vitalik Buterin (@vbuterin), Tomasz Stanczak (@tkstanczak), Guillaume Ballet (@gballet), Gajinder Singh (@g11tech), Tanishq Jasoria (@tanishqjasoria), Ignacio Hagopian (@jsign), Jochem Brouwer (@jochem-brouwer), Sina Mahmoodi (@s1na)},
  year         = {2020-09-03},
  url          = {https://eips.ethereum.org/EIPS/eip-2935},
}

@article{EIP-6110,
  title        = {EIP-6110: Supply validator deposits on chain},
  subtitle     = {Provides validator deposits as a list of deposit operations added to the Execution Layer block},
  shorthand    = {EIP-6110},
  author       = {Mikhail Kalinin (@mkalinin), Danny Ryan (@djrtwo), Peter Davies (@petertdavies)},
  year         = {2022-12-09},
  url          = {https://eips.ethereum.org/EIPS/eip-6110},
}

@article{EIP-7002,
  title        = {EIP-7002: Execution layer triggerable withdrawals},
  subtitle     = {Allow validators to trigger exits and partial withdrawals via their execution layer (0x01) withdrawal credentials},
  shorthand    = {EIP-7002},
  author       = {Danny Ryan (@djrtwo), Mikhail Kalinin (@mkalinin), Ansgar Dietrichs (@adietrichs), Hsiao-Wei Wang (@hwwhww), {lightclient} (@lightclient), Felix Lange (@fjl)},
  year         = {2023-05-09},
  url          = {https://eips.ethereum.org/EIPS/eip-7002},
}

@article{EIP-7251,
  title        = {EIP-7251: Increase the MAX\_EFFECTIVE\_BALANCE},
  subtitle     = {Allow validators to have larger effective balances, while maintaining the 32 ETH lower bound.},
  shorthand    = {EIP-7251},
  author       = {{mike} (@michaelneuder), Francesco (@fradamt), {dapplion} (@dapplion), Mikhail (@mkalinin), Aditya (@adiasg), Justin (@justindrake), lightclient (@lightclient), Felix Lange (@fjl)},
  year         = {2023-06-28},
  url          = {https://eips.ethereum.org/EIPS/eip-7251},
}

@article{EIP-7549,
  title        = {EIP-7549: Move committee index outside Attestation},
  subtitle     = {Move committee index outside of the signed Attestation message},
  shorthand    = {EIP-7549},
  author       = {{dapplion} (@dapplion), Mikhail Kalinin (@mkalinin)},
  year         = {2023-11-01},
  url          = {https://eips.ethereum.org/EIPS/eip-7549},
}

@article{EIP-7623,
  title        = {EIP-7623: Increase calldata cost},
  subtitle     = {Increase calldata cost to reduce maximum block size},
  shorthand    = {EIP-7623},
  author       = {Toni Wahrstätter (@nerolation), Vitalik Buterin (@vbuterin)},
  year         = {2024-02-13},
  url          = {https://eips.ethereum.org/EIPS/eip-7623},
}

@article{EIP-7685,
  title        = {EIP-7685: General purpose execution layer requests},
  subtitle     = {A general purpose bus for sharing EL triggered requests with the CL},
  shorthand    = {EIP-7685},
  author       = {{lightclient} (@lightclient), Felix Lange (@fjl)},
  year         = {2024-04-14},
  url          = {https://eips.ethereum.org/EIPS/eip-7685},
}

@article{EIP-7691,
  title        = {EIP-7691: Blob throughput increase},
  subtitle     = {Increase the number of blobs to reach a new target and max of 6 and 9 blobs per block respectively},
  shorthand    = {EIP-7691},
  author       = {Parithosh Jayanthi (@parithosh), Toni Wahrstätter (@nerolation), Sam Calder-Mason (@samcm), Andrew Davis (@savid), Ansgar Dietrichs (@adietrichs)},
  year         = {2024-04-17},
  url          = {https://eips.ethereum.org/EIPS/eip-7691},
}

@article{EIP-7702,
  title        = {EIP-7702: Set EOA account code},
  subtitle     = {Add a new tx type that permanently sets the code for an EOA},
  shorthand    = {EIP-7702},
  author       = {Vitalik Buterin (@vbuterin), Sam Wilson (@SamWilsn), Ansgar Dietrichs (@adietrichs), {lightclient} (@lightclient)},
  year         = {2024-05-07},
  url          = {https://eips.ethereum.org/EIPS/eip-7702},
}

@article{EIP-7840,
  title        = {EIP-7840: Add blob schedule to EL config files},
  subtitle     = {Include a per-fork blob parameters in client configuration files},
  shorthand    = {EIP-7840},
  author       = {{lightclient (@lightclient)}},
  year         = {2024-12-12},
  url          = {https://eips.ethereum.org/EIPS/eip-7840},
}



%%%%%%%%%%%%%%
%            %
%   Cancun   %
%            %
%%%%%%%%%%%%%%


@article{EIP-1153,
  title        = {EIP-1153: Transient storage opcodes},
  subtitle     = {Add opcodes for manipulating state that behaves almost identically to storage but is discarded after every transaction},
  shorthand    = {EIP-1153},
  author       = {Alexey Akhunov (@AlexeyAkhunov), Moody Salem (@moodysalem)},
  year         = {2018-06-15},
  url          = {https://eips.ethereum.org/EIPS/eip-1153},
}

@article{EIP-4788,
  title        = {EIP-4788: Beacon block root in the EVM},
  subtitle     = {Expose beacon chain roots in the EVM},
  shorthand    = {EIP-4788},
  author       = {Alex Stokes (@ralexstokes), Ansgar Dietrichs (@adietrichs), Danny Ryan (@djrtwo), Martin Holst Swende (@holiman), {lightclient} (@lightclient)},
  year         = {2022-02-10},
  url          = {https://eips.ethereum.org/EIPS/eip-4788},
}

@article{EIP-4844,
  title        = {EIP-4844: Shard Blob Transactions},
  subtitle     = {Shard Blob Transactions scale data-availability of Ethereum in a simple, forwards-compatible manner.},
  shorthand    = {EIP-4844},
  author       = {Vitalik Buterin (@vbuterin), Dankrad Feist (@dankrad), Diederik Loerakker (@protolambda), George Kadianakis (@asn-d6), Matt Garnett (@lightclient), Mofi Taiwo (@Inphi), Ansgar Dietrichs (@adietrichs)},
  year         = {2022-02-25},
  url          = {https://eips.ethereum.org/EIPS/eip-4844},
}

@article{EIP-5656,
  title        = {EIP-5656: MCOPY - Memory copying instruction},
  subtitle     = {An efficient EVM instruction for copying memory areas},
  shorthand    = {EIP-5656},
  author       = {Alex Beregszaszi (@axic), Paul Dworzanski (@poemm), Jared Wasinger (@jwasinger), Casey Detrio (@cdetrio), Pawel Bylica (@chfast), Charles Cooper (@charles-cooper)},
  year         = {2021-02-01},
  url          = {https://eips.ethereum.org/EIPS/eip-5656},
}

@article{EIP-6780,
  title        = {EIP-6780: SELFDESTRUCT only in same transaction},
  subtitle     = {SELFDESTRUCT will recover all funds to the target but not delete the account, except when called in the same transaction as creation},
  shorthand    = {EIP-6780},
  author       = {Guillaume Ballet (@gballet), Vitalik Buterin (@vbuterin), Dankrad Feist (@dankrad)},
  year         = {2023-03-25},
  url          = {https://eips.ethereum.org/EIPS/eip-6780},
}

@article{EIP-7516,
  title        = {EIP-7516: BLOBBASEFEE instruction},
  subtitle     = {Instruction that returns the current data-blob base-fee},
  shorthand    = {EIP-7516},
  author       = {{Carl Beekhuizen (@carlbeek)}},
  year         = {2023-09-11},
  url          = {https://eips.ethereum.org/EIPS/eip-7516},
}


%%%%%%%%%%%%%%%%
%              %
%   Shanghai   %
%              %
%%%%%%%%%%%%%%%%

@article{EIP-3651,
  title        = {EIP-3651: Warm COINBASE},
  subtitle     = {Starts the `COINBASE` address warm},
  shorthand    = {EIP-3651},
  author       = {{William Morriss (@wjmelements)}},
  year         = {2021-07-12},
  url          = {https://eips.ethereum.org/EIPS/eip-3651},
}

@article{EIP-3855,
  title        = {EIP-3855: PUSH0 instruction},
  subtitle     = {Introduce a new instruction which pushes the constant value 0 onto the stack},
  shorthand    = {EIP-3855},
  author       = {Alex Beregszaszi (@axic), Hugo De la cruz (@hugo-dc), Paweł Bylica (@chfast)},
  year         = {2021-02-19},
  url          = {https://eips.ethereum.org/EIPS/eip-3855},
}

@article{EIP-3860,
  title        = {EIP-3860: Limit and meter initcode},
  subtitle     = {Limit the maximum size of initcode to 49152 and apply extra gas cost of 2 for every 32-byte chunk of initcode},
  shorthand    = {EIP-3860},
  author       = {Martin Holst Swende (@holiman), Paweł Bylica (@chfast), Alex Beregszaszi (@axic), Andrei Maiboroda (@gumb0)},
  year         = {2021-07-16},
  url          = {https://eips.ethereum.org/EIPS/eip-3860},
}

@article{EIP-4895,
  title        = {EIP-4895: Beacon chain push withdrawals as operations},
  subtitle     = {Support validator withdrawals from the beacon chain to the EVM via a new "system-level" operation type.},
  shorthand    = {EIP-4895},
  author       = {Alex Stokes (@ralexstokes), Danny Ryan (@djrtwo)},
  year         = {2022-03-10},
  url          = {https://eips.ethereum.org/EIPS/eip-4895},
}


%%%%%%%%%%%%%
%           %
%   Paris   %
%           %
%%%%%%%%%%%%%

@article{EIP-3675,
  title        = {EIP-3675: Upgrade consensus to Proof-of-Stake},
  subtitle     = {Specification of the consensus mechanism upgrade on Ethereum Mainnet that introduces Proof-of-Stake},
  shorthand    = {EIP-3675},
  author       = {Mikhail Kalinin (@mkalinin), Danny Ryan (@djrtwo), Vitalik Buterin (@vbuterin)},
  year         = {2021-07-22},
  url          = {https://eips.ethereum.org/EIPS/eip-},
}

@article{EIP-4399,
  title        = {EIP-4399: Supplant DIFFICULTY opcode with PREVRANDAO},
  subtitle     = {Expose beacon chain randomness in the EVM by supplanting DIFFICULTY opcode semantics},
  shorthand    = {EIP-4399},
  author       = {Mikhail Kalinin (@mkalinin), Danny Ryan (@djrtwo)},
  year         = {2021-10-30},
  url          = {https://eips.ethereum.org/EIPS/eip-},
}



%%%%%%%%%%%%%%%%%%%%
%                  %
%   Gray Glacier   %
%                  %
%%%%%%%%%%%%%%%%%%%%

@article{EIP-5133,
  title        = {EIP-5133: Delaying Difficulty Bomb to mid-September 2022},
  subtitle     = {Delays the difficulty bomb by a further 700000 blocks, to the middle of September 2022.},
  shorthand    = {EIP-5133},
  author       = {Tomasz Kajetan Stanczak (@tkstanczak), Eric Marti Haynes (@ericmartihaynes), Josh Klopfenstein (@joshklop), Abhimanyu Nag (@AbhiMan1601)},
  year         = {2022-06-01},
  url          = {https://eips.ethereum.org/EIPS/eip-5133},
}


%%%%%%%%%%%%%%%%%%%%%
%                   %
%   Arrow Glacier   %
%                   %
%%%%%%%%%%%%%%%%%%%%%

@article{EIP-4345,
  title        = {EIP-4345: Difficulty Bomb Delay to June 2022},
  subtitle     = {Delays the difficulty bomb to be noticeable in June 2022.},
  shorthand    = {EIP-4345},
  author       = {Tim Beiko (@timbeiko), James Hancock (@MadeOfTin), Thomas Jay Rush (@tjayrush)},
  year         = {2021-10-05},
  url          = {https://eips.ethereum.org/EIPS/eip-4345},
}


%%%%%%%%%%%%%%
%            %
%   London   %
%            %
%%%%%%%%%%%%%%

@article{EIP-1559,
  title        = {EIP-1559: Fee market change for ETH 1.0 chain},
  author       = {Vitalik Buterin (@vbuterin), Eric Conner (@econoar), Rick Dudley (@AFDudley), Matthew Slipper (@mslipper), Ian Norden (@i-norden), Abdelhamid Bakhta (@abdelhamidbakhta)},
  shorthand    = {EIP-1559},
  year         = {2019-04-13},
  url          = {https://eips.ethereum.org/EIPS/eip-1559},
}

@article{EIP-3198,
  title        = {EIP-3198: BASEFEE opcode},
  author       = {Abdelhamid Bakhta (@abdelhamidbakhta), Vitalik Buterin (@vbuterin)},
  shorthand    = {EIP-3198},
  year         = {2021-01-13},
  url          = {https://eips.ethereum.org/EIPS/eip-3198},
}

@article{EIP-3529,
  title        = {EIP-3529: Reduction in refunds},
  author       = {Vitalik Buterin (@vbuterin), Martin Swende (@holiman)},
  shorthand    = {EIP-3529},
  year         = {2021-04-22},
  url          = {https://eips.ethereum.org/EIPS/eip-3529},
}

@article{EIP-3541,
  title        = {EIP-3541: Reject new contract code starting with the 0xEF byte},
  shorthand    = {EIP-3541},
  author       = {Alex Beregszaszi (@axic), Paweł Bylica (@chfast), Andrei Maiboroda (@gumb0), Alexey Akhunov (@AlexeyAkhunov), Christian Reitwiessner (@chriseth), Martin Swende (@holiman)},
  year         = {2021-03-16},
  url          = {https://eips.ethereum.org/EIPS/eip-3541},
}

@article{EIP-3554,
  title        = {EIP-3554: Difficulty Bomb Delay to December 2021},
  shorthand    = {EIP-3554},
  author       = {{James Hancock (@madeoftin)}},
  year         = {2021-05-06},
  url          = {https://eips.ethereum.org/EIPS/eip-3554},
}


%%%%%%%%%%%%%
%           %
%   Other   %
%           %
%%%%%%%%%%%%%

@article{EIP-155,
  title        = {EIP-155: Simple replay attack protection},
  author       = {{Vitalik Buterin (@vbuterin)}},
  shorthand    = {EIP-155},
  year         = {2016-10-14},
  url          = {https://eips.ethereum.org/EIPS/eip-155},
}

@article{EIP-2929,
  title        = {EIP-2929: Gas cost increases for state access opcodes},
  author       = {Vitalik Buterin (@vbuterin), Martin Swende (@holiman)},
  shorthand    = {EIP-2929},
  year         = {2020-09-01},
  url          = {https://eips.ethereum.org/EIPS/eip-2929},
}

@article{EIP-2930,
  title        = {EIP-2930: Optional access lists},
  author       = {Vitalik Buterin (@vbuterin), Martin Swende (@holiman)},
  shorthand    = {EIP-2930},
  year         = {2020-08-29},
  url          = {https://eips.ethereum.org/EIPS/eip-2930},
}

@article{EIP-170,
  title        = {EIP-170: Contract code size limit},
  author       = {{Vitalik Buterin (@vbuterin)}},
  shorthand    = {EIP-170},
  year         = {2016-11-04},
  url          = {https://eips.ethereum.org/EIPS/eip-170},
}


%%%%%%%%%%%%%%%%%%%%%%%%%%%%%%%%%%%%%%%%%%%%%%%
%                                             %
%   Clarifications without protocol release   %
%                                             %
%%%%%%%%%%%%%%%%%%%%%%%%%%%%%%%%%%%%%%%%%%%%%%%

@article{EIP-2681,
  title        = {EIP-2681: Limit account nonce to $2^{64}-1$},
  author       = {{Alex Beregszaszi (@axic)}},
  shorthand    = {EIP-2681},
  year         = {2020-04-25},
  url          = {https://eips.ethereum.org/EIPS/eip-2681},
}

@article{EIP-3607,
  title        = {EIP-3607: Reject transactions from senders with deployed code},
  subtitle     = {Do not allow transactions for which `tx.sender` has any code deployed.},
  shorthand    = {EIP-3607},
  author       = {Dankrad Feist (@dankrad), Dmitry Khovratovich (@khovratovich), Marius van der Wijden (@MariusVanDerWijden)},
  year         = {2021-06-10},
  url          = {https://eips.ethereum.org/EIPS/eip-3607},
}

@article{EIP-7523,
  title        = {EIP-7523: Empty accounts deprecation},
  subtitle     = {Prohibit empty accounts on post-merge networks},
  shorthand    = {EIP-7523},
  author       = {{Peter Davies (@petertdavies)}},
  year         = {2023-09-19},
  url          = {https://eips.ethereum.org/EIPS/eip-7523},
}

%%%%%%%%%%%%%%%%%%%%%%%%%%%%%
%                           %
%   Ethereum yellow paper   %
%                           %
%%%%%%%%%%%%%%%%%%%%%%%%%%%%%

@article{EYP-London,
  author       = {{Dr. Gavin Wood}},
  title        = {\textsc{Ethereum}: a secure decentralised generalised transaction ledger},
  url          = {https://github.com/ethereum/yellowpaper/tree/london},
  shorthand    = {EYP (London)}
}

@article{EYP-Shanghai,
  author       = {{Dr. Gavin Wood}},
  title        = {\textsc{Ethereum}: a secure decentralised generalised transaction ledger},
  url          = {https://github.com/ethereum/yellowpaper/tree/shanghai},
  shorthand    = {EYP (Shanghai)}
}

@article{EYP-Cancun,
  author       = {{Dr. Gavin Wood}},
  title        = {\textsc{Ethereum}: a secure decentralised generalised transaction ledger},
  url          = {https://github.com/ethereum/yellowpaper/tree/cancun},
  shorthand    = {EYP (Cancun)}
}
